@ARTICLE{Pourrahmani_2018,
title = {LensFlow: A Convolutional Neural Network in Search of Strong Gravitational Lenses},
volume = {856},
ISSN = {1538-4357},
url = {http://dx.doi.org/10.3847/1538-4357/aaae6a},
DOI = {10.3847/1538-4357/aaae6a},
number = {1},
journal = {The Astrophysical Journal},
publisher = {American Astronomical Society},
author = {Pourrahmani, Milad and Nayyeri, Hooshang and Cooray, Asantha},
year = {2018},
month = mar,
pages = {68}
}